@misc{
  wikipedia:codes-correcteurs,
  author={Wikip√©dia},
  title={Codes correcteurs},
  year={2017},
  month={02},
  url={https://fr.wikipedia.org/wiki/Code_correcteur}
}
